% Copyright 2023 John Hurst
% John Hurst (john.b.hurst@gmail.com)
% 2023-11-05

@book{nielsen2016,
    title = {Quantum Computation and Quantum Information},
    author = {Michael A. Nielsen, Isaac L. Chuang},
    year = {2016},
    isbn = {978-1-107-00217-3},
    publisher = {Cambridge University Press},
    edition = {1}
}

@book{wong2022,
    title = {Introduction to Classical and Quantum Computing},
    author = {Thomas G. Wong},
    year = {2022},
    isbn = {979-8-9855931-0-5},
    publisher = {Rooted Grove},
    edition = {1}
}

@online{wikipedia_transistor_count,
    url = {https://en.wikipedia.org/wiki/Transistor_count},
    title = {Transistor count},
    author = {Wikipedia}
}
